@article{KUdKIaBMVS,
    title = {Krátky úvod do kybernetickej a informačnej bezpečnosti a Malý výkladový slovník},
    author = {Olejár, Daniel},
    year = {},
    institution = {MIRRI},
    type = {},
    number = {},
    url = {https://mirri.gov.sk/wp-content/uploads/2021/06/KB-K1_2_3-Uvod-do-KIB_slovnik_ver1.0.pdf},
}
