@preamble{ "\newcommand{\noopsort}[1]{} "
  # "\newcommand{\printfirst}[2]{#1} "
  # "\newcommand{\singleletter}[1]{#1} "
  # "\newcommand{\switchargs}[2]{#2#1} " }

@manual{BSI1,
  title = {BSI Standard 200-1},
  year = {2017},
}

@manual{BSI2,
  title = {BSI Standard 200-2},
  year = {2017},
}

@manual{GSK,
  title = {IT-Grundschutz-Compendium},
  year = {2022},
}

@misc{KIBSK22,
    title = {SPRÁVA O KYBERNETICKEJ BEZPEČNOSTI v Slovenskej republike v roku 2022},
  howpublished = {\url{https://www.nbu.gov.sk/wp-content/uploads/urad/Vyrocne_spravy/sprava_kyber_2022.pdf}},
}
@misc{KUDIaKB-MVS,
    title = {Krátky úvod do informačnej a kybernetickej bezpečnosti a Malý výkladový slovník},
  howpublished = {\url{https://mirri.gov.sk/wp-content/uploads/2022/02/KB-K1_2_3-uvod-do-KIB_slovnik_ver1.1.pdf}},
}
@misc{STATISTA,
  title = {Volume of data/information created, captured, copied, and consumed worldwide from 2010 to 2020, with forecasts from 2021 to 2025 },
  howpublished = {\url{https://www.statista.com/statistics/871513/worldwide-data-created/}},
}

@misc{69/2018,
    title = {Zákon č. 69/2018 Z. z., Zákon o kybernetickej bezpečnosti a o zmene a doplnení niektorých zákonov},
  howpublished = {\url{https://www.zakonypreludi.sk/zz/2018-69}},
}
@misc{362/2018,
      title = {Vyhláška č. 362/2018 Z. z., Vyhláška Národného bezpečnostného úradu, ktorou sa ustanovuje obsah bezpečnostných opatrení,
        obsah a štruktúra bezpečnostnej dokumentácie a rozsah všeobecných bezpečnostných opatrení},
  howpublished = {\url{https://www.zakonypreludi.sk/zz/2018-362}},
}
@misc{95/2019,
    title = {Zákon č. 95/2019 Z. z., Zákon o informačných technológiách vo verejnej správe a o zmene a doplnení niektorých zákonov},
  howpublished = {\url{https://www.zakonypreludi.sk/zz/2019-95}},
}
@misc{179/2020,
    title = {Vyhláška č. 179/2020 Z. z. Vyhláška Úradu podpredsedu vlády Slovenskej republiky pre investície a informatizáciu, 
      ktorou sa ustanovuje spôsob kategorizácie a obsah bezpečnostných opatrení informačných technológií verejnej správy},
  howpublished = {\url{https://www.zakonypreludi.sk/zz/2020-179}},
}
@misc{DESI22,
  title = {The Digital Economy and Society Index (DESI)},
  howpublished = {\url{https://digital-strategy.ec.europa.eu/en/policies/desi}}
}

@misc{UKIB-MVS,
  title = {Krátky úvod do informačnej a kybernetickej bezpečnosti a Malý výkladový slovník},
  howpublished = {\url{https://mirri.gov.sk/wp-content/uploads/2021/06/KB-K1_2_3-Uvod-do-KIB_slovnik_ver1.0.pdf}}
}
